<?xml version="1.0" encoding="UTF-8"?><collection><record><leader>07735ntm a2200721 a 4500</leader><controlfield tag="001">006769527</controlfield><controlfield tag="003">MiAaHDL</controlfield><controlfield tag="005">20190911000000.0</controlfield><controlfield tag="006">m        d        </controlfield><controlfield tag="007">cr bn ---auaua</controlfield><controlfield tag="008">090507s1619    xx            00| ||ara d</controlfield><datafield tag="035" ind1=" " ind2=" "><subfield code="a">(MiU)006769527</subfield></datafield><datafield tag="035" ind1=" " ind2=" "><subfield code="a">sdr-miu006769527</subfield></datafield><datafield tag="040" ind1=" " ind2=" "><subfield code="a">MiU</subfield><subfield code="c">MiU</subfield><subfield code="e">amremm</subfield></datafield><datafield tag="043" ind1=" " ind2=" "><subfield code="a">n-us-mi</subfield></datafield><datafield tag="100" ind1="1" ind2=" "><subfield code="6">880-01</subfield><subfield code="a">Qūshjī, ʻAlī ibn Muḥammad,</subfield><subfield code="d">-1474 or 1475.</subfield></datafield><datafield tag="240" ind1="1" ind2="0"><subfield code="6">880-02</subfield><subfield code="a">Ifṣāḥ</subfield></datafield><datafield tag="245" ind1="1" ind2="3"><subfield code="6">880-03</subfield><subfield code="a">[al-Ifṣāḥ maʻa sharḥ dībājatih al-Inqāḥ,</subfield><subfield code="f">1028, i.e. 1619].</subfield></datafield><datafield tag="246" ind1="3" ind2=" "><subfield code="i">Title from inscription on 'title page' (p.3):</subfield><subfield code="a">افصاح شرح كافيه</subfield></datafield><datafield tag="246" ind1="3" ind2=" "><subfield code="i">Title from foreedge flap label:</subfield><subfield code="a">كافيه شرح افصاح</subfield></datafield><datafield tag="260" ind1=" " ind2=" "><subfield code="c">[1619]</subfield></datafield><datafield tag="300" ind1=" " ind2=" "><subfield code="a">359 leaves :</subfield><subfield code="b">paper ;</subfield><subfield code="c">200 x 130 (135 x 65) mm. bound to 203 x 130-150 mm.</subfield></datafield><datafield tag="500" ind1=" " ind2=" "><subfield code="a">Shelfmark: Ann Arbor, University of Michigan, Special Collections Research Center, Isl. Ms. 142</subfield></datafield><datafield tag="500" ind1=" " ind2=" "><subfield code="a">Origin: As appears in colophon on p.714, copied mainly by Muṣṭafá ibn Muḥammad al-Uskūbī. Transcription finished Rabīʻ II 1028 [March-April 1619].</subfield></datafield><datafield tag="500" ind1=" " ind2=" "><subfield code="a">Accompanying materials: Folded document (paginated pp.411-412).</subfield></datafield><datafield tag="500" ind1=" " ind2=" "><subfield code="a">Former shelfmark: British Museum, London "No. 102. Al-Inkah." ; "٥٦١" on tail of textblock.</subfield></datafield><datafield tag="500" ind1=" " ind2=" "><subfield code="a">Binding: Pasteboards covered in laid paper with spine, fore-edge flap and edges/turn-ins in brown leather ; Type II binding (with flap) ; board linings in laid paper ; sewn in cream and dark blue thread, two stations ; worked chevron endbands in light blue and red, only partially intact ; overall in poor condition with much abrasion, lifting and losses of paper and leather, delamination of boards, staining, etc. ; repairs in dark brown leather.</subfield></datafield><datafield tag="500" ind1=" " ind2=" "><subfield code="a">Support: European laid paper with anchor in circle watermark (leaf above).</subfield></datafield><datafield tag="500" ind1=" " ind2=" "><subfield code="a">Decoration: Overlining in red and black.</subfield></datafield><datafield tag="500" ind1=" " ind2=" "><subfield code="a">Script: Naskh with influence of nastaʻlīq ; perhaps more than one hand ; virtually serifless ; mainly closed counters ; effect of words descending to baseline, occasionally more exaggerated ; occasional effect of tilt to the right ; freely ligatured ; final nūn often reversed (re-curved).</subfield></datafield><datafield tag="500" ind1=" " ind2=" "><subfield code="a">Layout: Written in 17 lines per page ; frame-ruled.</subfield></datafield><datafield tag="500" ind1=" " ind2=" "><subfield code="a">Collation: i, V (10), VI (22), 33 V(352), III+1 (359) ; chiefly quinions ; final four leaves originally left blank ; leaf carrying pp.265-266 partially blank due to repair ; catchwords present ; pagination in pencil, Western numerals, supplied during digitization (includes front flyleaf and insert).</subfield></datafield><datafield tag="500" ind1=" " ind2=" "><subfield code="a">Colophon: "Scribal," triangular, reads: "تم الكتاب في يوم الجمعة في شهر ربيع الآخر لسنة ثمان وعشرين والف من هجرة النبوية عليه افضل التحية حرره الفقير مصطفى ابن محمد الاسكوبي الخطيب بجامع الحاج حرم [؟]"</subfield></datafield><datafield tag="500" ind1=" " ind2=" "><subfield code="a">Explicit: [al-Inqāḥ] "ربنا لا تؤخذنا ان نسينا او اخطأنا سبحان ربك رب العزة عما يصفون وسلام على المرسلين والحمد لله رب العالمين تمت الكتاب بعون الله الملك الوهاب" [al-Ifṣāḥ] "قوله الفا والجملة الفعلية خبر المبتدأ والاسمية استئناف ومن حسن خاتمة الكتاب ختمه بالالف كافتتاحه به وقد تم ما في هذا الشرح من الكلام بتوفيق الله الكريم العلام والحمد لله على التمام ...ربنا انك رؤوف رحيم تمت بعون الملك الوهاب الخط يبقى زمانا في الكتاب وصاحب الخط رميم في التراب"</subfield></datafield><datafield tag="500" ind1=" " ind2=" "><subfield code="a">Incipit: [al-Inqāḥ] "الحمد لله خالق العباد والصلوة على محمد صاحب الارشاد ...اما بعد فهذا مختصر موسوم بالانقاح في شرح ديباجة الافصاح ملخص من قواعد عجائب الايضاح ..." ; [al-Ifṣāḥ] "الحمد لله الذي رفع السموات بغير عماد وخفض الارض ونصب الجبال بجزم القضاء للعباد والصلوة والسلام على نبيه الذي سن الوقف ... وفتح البلاد والثناء الخليفة اعنى السلطان مرآد ... وبعد فهذا مختصر في اعراب سورة الفاتحة وكتاب الكافية وذكر شيء من المعاني جمعته من كتب التفاسير والاحاديث والقرأات والصرف والنحو واللغات والكلام والآداب والاصول والمعاني باستعانة المستعان اللطيف وادرجت فيه ما لاح لقلبي الكثيف وسميته بالافصاح ..."</subfield></datafield><datafield tag="500" ind1=" " ind2=" "><subfield code="a">Title supplied by cataloguer from openings on p.4 and pp.68-69.</subfield></datafield><datafield tag="500" ind1=" " ind2=" "><subfield code="a">Ms. codex.</subfield></datafield><datafield tag="505" ind1="0" ind2=" "><subfield code="a">4. p.715-p.722 : [blank].</subfield></datafield><datafield tag="505" ind1="0" ind2=" "><subfield code="a">3. p.68-p.714 : al-Ifṣāḥ / Ali Kuşçu.</subfield></datafield><datafield tag="505" ind1="0" ind2=" "><subfield code="a">2. p.67 : [blank].</subfield></datafield><datafield tag="505" ind1="0" ind2=" "><subfield code="a">1. p.4-p.66 : al-Inqāḥ fī sharḥ dībājat al-Ifṣāḥ.</subfield></datafield><datafield tag="510" ind1="4" ind2=" "><subfield code="a">Brockelmann, C. GAL,</subfield><subfield code="c">II 234 ; SII 329 ; I 303</subfield></datafield><datafield tag="520" ind1="8" ind2=" "><subfield code="a">Fine copy of al-Ifṣāḥ, a grammatical work providing iʻrāb for the Fātiḥah and for the Kāfiyah of Ibn al-Ḥājib, uncertainly attributed to Ali Kuşçu (ʻAlāʼ al-Dīn ʻAlī ibn Muḥammad al-Qūshjī, d.1474). Preceded by al-Inqāḥ, an anonymous commentary on the preface of al-Ifṣāḥ.</subfield></datafield><datafield tag="538" ind1=" " ind2=" "><subfield code="a">Mode of access: Internet.</subfield></datafield><datafield tag="541" ind1=" " ind2=" "><subfield code="c">Purchase ;</subfield><subfield code="a">Acquired by purchase (funds donated by Horace Rackham).</subfield><subfield code="d">1924.</subfield></datafield><datafield tag="546" ind1=" " ind2=" "><subfield code="a">Arabic.</subfield></datafield><datafield tag="561" ind1=" " ind2=" "><subfield code="a">Bookplate of British Museum, London on interior of upper cover, "British Museum, London. No. 102. Al-Inkah." ; circular seal impression with figure of goat/gazelle in purple ink as well as inscription "336" in Western numerals on front flyleaf (p.1) ; circular waqf-seal impression in black ink appears on ’title page’ (p.3) and several places throughout, reads: "هذا وقف الراجي فيض الصمدي الشيخ احمد ضيا الدين ابن مصطفى الخالدي فمن بدله بعد ما سمعه فانما اثمه على الذين يبدلونه" in name of Aḥmad Ḍiyāʼ al-Dīn ibn Muṣṭafá al-Khālidī (i.e. Ahmed Ziyâüddîn Gümüşhanevî, d. 1893 or 4) ; a few marginal corrections ; occasional notabilia (side-heads), a few rubricated ; kabīkaj invocation on upper board lining "يا كبيكج يا كبيكج يا كبيكج يا كبيكج".</subfield></datafield><datafield tag="600" ind1="1" ind2="0"><subfield code="a">Ibn al-Ḥājib, ʻUthmān ibn ʻUmar,</subfield><subfield code="d">1175-1249.</subfield><subfield code="t">Kāfiyah.</subfield></datafield><datafield tag="630" ind1="0" ind2="0"><subfield code="a">Qurʼan</subfield><subfield code="x">Language, style</subfield><subfield code="v">Early works to 1800.</subfield></datafield><datafield tag="630" ind1="0" ind2="0"><subfield code="a">Qurʼan.</subfield><subfield code="p">Sūrat al-Fātiḥah</subfield><subfield code="x">Commentaries</subfield><subfield code="v">Early works to 1800.</subfield></datafield><datafield tag="650" ind1=" " ind2="0"><subfield code="a">Manuscripts, Arabic</subfield><subfield code="z">Michigan</subfield><subfield code="z">Ann Arbor.</subfield></datafield><datafield tag="650" ind1=" " ind2="0"><subfield code="a">Arabic language</subfield><subfield code="x">Declension</subfield><subfield code="v">Early works to 1800.</subfield></datafield><datafield tag="650" ind1=" " ind2="0"><subfield code="a">Arabic language</subfield><subfield code="x">Inflection</subfield><subfield code="v">Early works to 1800.</subfield></datafield><datafield tag="650" ind1=" " ind2="0"><subfield code="a">Arabic language</subfield><subfield code="x">Syntax</subfield><subfield code="v">Early works to 1800.</subfield></datafield><datafield tag="650" ind1=" " ind2="0"><subfield code="a">Arabic language</subfield><subfield code="x">Grammar</subfield><subfield code="v">Early works to 1800.</subfield></datafield><datafield tag="700" ind1="1" ind2=" "><subfield code="6">880-04</subfield><subfield code="a">Uskūbī, Muṣṭafá ibn Muḥammad,</subfield><subfield code="d">fl. 1619,</subfield><subfield code="e">scribe.</subfield></datafield><datafield tag="740" ind1="0" ind2="2"><subfield code="6">880-05</subfield><subfield code="a">Inqāḥ fī sharḥ dībājat al-Ifṣāḥ</subfield></datafield><datafield tag="773" ind1="0" ind2=" "><subfield code="a">Tiflis Collection.</subfield></datafield><datafield tag="880" ind1="0" ind2="2"><subfield code="6">740-05/</subfield><subfield code="a">انقاح في شرح ديباجة الافصاح</subfield></datafield><datafield tag="880" ind1="1" ind2=" "><subfield code="6">700-04/</subfield><subfield code="a">اسكوبي، مصطفى بن محمد،</subfield><subfield code="e">ناسخ.</subfield></datafield><datafield tag="880" ind1="1" ind2="2"><subfield code="6">245-03/</subfield><subfield code="a">[الافصاح مع شرح ديباجته الانقاح,</subfield><subfield code="f">1028ه, 1619م].</subfield></datafield><datafield tag="880" ind1="1" ind2="0"><subfield code="6">240-02/</subfield><subfield code="a">افصاح</subfield></datafield><datafield tag="880" ind1="1" ind2=" "><subfield code="6">100-01/</subfield><subfield code="a">قوشجى، على بن محمد.</subfield></datafield><datafield tag="CID" ind1=" " ind2=" "><subfield code="a">006769527</subfield></datafield><datafield tag="DAT" ind1="0" ind2=" "><subfield code="a">20190911040402.0</subfield><subfield code="b">20190911000000.0</subfield></datafield><datafield tag="DAT" ind1="1" ind2=" "><subfield code="a">20190911090504.0</subfield><subfield code="b">2019-09-11T16:07:03Z</subfield></datafield><datafield tag="DAT" ind1="2" ind2=" "><subfield code="a">2015-10-10T18:00:06Z</subfield></datafield><datafield tag="CAT" ind1=" " ind2=" "><subfield code="a">SDR-MIU</subfield><subfield code="d">EX LIBRIS - ALEPH</subfield><subfield code="l">prepare.pl-004-008</subfield></datafield><datafield tag="FMT" ind1=" " ind2=" "><subfield code="a">BK</subfield></datafield><datafield tag="HOL" ind1=" " ind2=" "><subfield code="0">sdr-miu006769527</subfield><subfield code="a">MiU</subfield><subfield code="b">SDR</subfield><subfield code="c">MIU</subfield><subfield code="p">mdp.39015079125996</subfield><subfield code="s">MIU</subfield><subfield code="1">006769527</subfield></datafield><datafield tag="974" ind1=" " ind2=" "><subfield code="b">MIU</subfield><subfield code="c">MIU</subfield><subfield code="d">20190911</subfield><subfield code="s">lit-dlps-dc</subfield><subfield code="u">mdp.39015079125996</subfield><subfield code="y">1619</subfield><subfield code="r">pd</subfield><subfield code="q">bib</subfield><subfield code="t">non-US bib date1 &lt; 1896</subfield></datafield></record></collection>